<record><leader>00000cas a22000007a 4500</leader><controlfield tag="001">37146271</controlfield><controlfield tag="008">970618d19uu1944meuwx ne      0    0eng d</controlfield><datafield ind1=" " ind2=" " tag="010"><subfield code="a">sn 97062702 </subfield></datafield><datafield ind1=" " ind2=" " tag="040"><subfield code="a">MBN</subfield><subfield code="b">eng</subfield><subfield code="c">MBN</subfield><subfield code="d">OCLCQ</subfield><subfield code="d">OCLCF</subfield><subfield code="d">OCLCO</subfield></datafield><datafield ind1="1" ind2=" " tag="029"><subfield code="a">AU@</subfield><subfield code="b">000013335407</subfield></datafield><datafield ind1=" " ind2=" " tag="042"><subfield code="a">msc</subfield></datafield><datafield ind1=" " ind2=" " tag="043"><subfield code="a">n-us-me</subfield></datafield><datafield ind1="0" ind2=" " tag="130"><subfield code="a">Spindrift (Kennebunkport, Me.)</subfield></datafield><datafield ind1="1" ind2="0" tag="245"><subfield code="a">Spindrift.</subfield></datafield><datafield ind1=" " ind2=" " tag="260"><subfield code="a">Kennebunkport, Me. :</subfield><subfield code="b">Arundel Print Shop</subfield></datafield><datafield ind1=" " ind2=" " tag="300"><subfield code="a">v.</subfield></datafield><datafield ind1=" " ind2=" " tag="310"><subfield code="a">Weekly (throughout the summer season)</subfield></datafield><datafield ind1="0" ind2=" " tag="362"><subfield code="a">-v. 3, no. 4 (Sept. 1, 1944).</subfield></datafield><datafield ind1=" " ind2=" " tag="500"><subfield code="a">Editor: James A. Johnson.</subfield></datafield><datafield ind1=" " ind2=" " tag="588"><subfield code="a">Description based on: Vol. 2, no. 3 (July 24, 1943).</subfield></datafield><datafield ind1=" " ind2="0" tag="651"><subfield code="a">Kennebunkport (Me.)</subfield><subfield code="v">Newspapers.</subfield></datafield><datafield ind1=" " ind2="7" tag="655"><subfield code="a">Newspapers.</subfield><subfield code="2">fast</subfield><subfield code="0">(OCoLC)fst01423814</subfield></datafield><datafield ind1=" " ind2="7" tag="651"><subfield code="a">Maine</subfield><subfield code="z">Kennebunkport.</subfield><subfield code="2">fast</subfield><subfield code="0">(OCoLC)fst01206686</subfield></datafield><datafield ind1=" " ind2=" " tag="752"><subfield code="a">United States</subfield><subfield code="b">Maine</subfield><subfield code="c">York</subfield><subfield code="d">Kennebunkport.</subfield></datafield></record>